<record><leader>00000cas a22000007a 4500</leader><controlfield tag="001">11985359</controlfield><controlfield tag="008">850501d18681873wiuwr ne      0    0eng d</controlfield><datafield ind1=" " ind2=" " tag="010"><subfield code="a">sn 85040429 </subfield></datafield><datafield ind1=" " ind2=" " tag="040"><subfield code="a">NPV</subfield><subfield code="b">eng</subfield><subfield code="c">NPV</subfield><subfield code="d">OCLCQ</subfield></datafield><datafield ind1=" " ind2=" " tag="042"><subfield code="a">msc</subfield></datafield><datafield ind1=" " ind2=" " tag="045"><subfield code="a">w6w7</subfield></datafield><datafield ind1=" " ind2=" " tag="052"><subfield code="a">4123</subfield><subfield code="b">T7</subfield></datafield><datafield ind1="0" ind2="0" tag="245"><subfield code="a">Trempealeau County record.</subfield></datafield><datafield ind1="1" ind2="3" tag="246"><subfield code="a">Record</subfield></datafield><datafield ind1="1" ind2="3" tag="246"><subfield code="a">Trempealeau record</subfield></datafield><datafield ind1=" " ind2=" " tag="260"><subfield code="a">Trempealeau, Wis. :</subfield><subfield code="b">Leith &amp; Booth,</subfield><subfield code="c">1868-</subfield></datafield><datafield ind1=" " ind2=" " tag="300"><subfield code="a">v.</subfield></datafield><datafield ind1=" " ind2=" " tag="310"><subfield code="a">Weekly</subfield></datafield><datafield ind1="0" ind2=" " tag="362"><subfield code="a">Vol. 9, no. 2 (May 15, 1868)-</subfield></datafield><datafield ind1="1" ind2=" " tag="362"><subfield code="a">Ceased in Jan., 1873.</subfield><subfield code="z">Cf. Oehlerts, d. Guide to Wis. newspapers.</subfield></datafield><datafield ind1=" " ind2=" " tag="500"><subfield code="a">Editors: C.A. Leith &amp; A.F. Booth, May 15, 1868-July 30, 1869; A.W. Newman &amp; A.F. Booth, Aug. 13, 1869-&lt;Sept. 9, 1870&gt;; A.F. Booth, &lt;June 9, 1971&gt;.</subfield></datafield><datafield ind1=" " ind2=" " tag="530"><subfield code="a">Available on microfilm from The State Historical Society of Wisconsin.</subfield></datafield><datafield ind1=" " ind2=" " tag="752"><subfield code="a">United States</subfield><subfield code="b">Wisconsin</subfield><subfield code="c">Trempealeau</subfield><subfield code="d">Trempealeau.</subfield></datafield><datafield ind1="0" ind2="0" tag="780"><subfield code="t">Trempealeau County record and Galesville transcript</subfield><subfield code="w">(DLC)sn 85040428</subfield></datafield><datafield ind1="0" ind2="7" tag="785"><subfield code="t">Galesville journal</subfield><subfield code="w">(DLC)sn 85040571</subfield></datafield><datafield ind1="0" ind2="7" tag="785"><subfield code="t">Journal &amp; record</subfield><subfield code="w">(DLC)sn 85033074</subfield></datafield><datafield ind1="1" ind2=" " tag="029"><subfield code="a">AU@</subfield><subfield code="b">000025800654</subfield></datafield></record>